<record><leader>00000cas a22000007a 4500</leader><controlfield tag="001">13539472</controlfield><controlfield tag="008">860507d18681869nvuwr ne      0    0eng d</controlfield><datafield ind1=" " ind2=" " tag="010"><subfield code="a">sn 86076132 </subfield></datafield><datafield ind1=" " ind2=" " tag="040"><subfield code="a">NNX</subfield><subfield code="b">eng</subfield><subfield code="c">NNX</subfield><subfield code="d">CNK</subfield><subfield code="d">OCLCQ</subfield></datafield><datafield ind1=" " ind2=" " tag="042"><subfield code="a">msc</subfield></datafield><datafield ind1="0" ind2="4" tag="245"><subfield code="a">The Mountain champion.</subfield></datafield><datafield ind1=" " ind2=" " tag="260"><subfield code="a">Belmont, Nev. :</subfield><subfield code="b">[s.n.],</subfield><subfield code="c">1868-1869.</subfield></datafield><datafield ind1=" " ind2=" " tag="300"><subfield code="a">1 v.</subfield></datafield><datafield ind1=" " ind2=" " tag="310"><subfield code="a">Weekly</subfield></datafield><datafield ind1="0" ind2=" " tag="362"><subfield code="a">Vol. 1, no. 1 (June 3, 1868)-v. 1, no. 47 (Apr. 24, 1869).</subfield></datafield><datafield ind1=" " ind2=" " tag="500"><subfield code="a">"Republican."</subfield></datafield><datafield ind1=" " ind2=" " tag="500"><subfield code="a">Publisher: Nov. 28, 1868-Jan. 2, 1869, H.M. Barnes; Jan. 9, 1869-Apr. 24, 1869, E.F. McElwain.</subfield></datafield><datafield ind1=" " ind2=" " tag="752"><subfield code="a">United States</subfield><subfield code="b">Nevada</subfield><subfield code="c">Nye</subfield><subfield code="d">Belmont.</subfield></datafield></record>